@online{usher2,
        title   = "Мониторинг реестра запрещенных сайтов",
        url     = "https://usher2.club/",
        keywords= "usher2"
}

@online{u2ckdump,
        title   = "Исходный код сервиса обработки выгрузки",
        url     = "https://github.com/usher2/u2ckdump",
        keywords= "usher2,github"
}


@online{u2ckbot,
        title   = "Исходный код Telegram-бота для проверки сайта",
        url     = "https://github.com/usher2/u2ckbot",
        keywords= "usher2,github"
}


@online{habrlatex,
        author  = "Филипп Кулин",
        title   = "Пишем презентации в LaTeX",
        url     = "https://habr.com/ru/post/471352/",
        keywords= "latex,habr"
}


